

@article{Bojanczyk18,
  author    = {Miko{\l}aj Boja{\'{n}}czyk},
  title     = {Polyregular Functions},
  journal   = {CoRR},
  volume    = {abs/1810.08760},
  year      = {2018},
  url       = {http://arxiv.org/abs/1810.08760},
  archivePrefix = {arXiv},
  eprint    = {1810.08760},
  timestamp = {Wed, 31 Oct 2018 14:24:29 +0100},
  biburl    = {https://dblp.org/rec/bib/journals/corr/abs-1810-08760},
  bibsource = {dblp computer science bibliography, https://dblp.org}
}

@inproceedings{BojanczykKL19,
  author    = {Miko{\l}aj Boja{\'{n}}czyk and
               Sandra Kiefer and
               Nathan Lhote},
  editor    = {Christel Baier and
               Ioannis Chatzigiannakis and
               Paola Flocchini and
               Stefano Leonardi},
  title     = {String-to-String Interpretations With Polynomial-Size Output},
  booktitle = {46th International Colloquium on Automata, Languages, and Programming,
               {ICALP} 2019, July 9-12, 2019, Patras, Greece.},
  series    = {LIPIcs},
  volume    = {132},
  pages     = {106:1--106:14},
  publisher = {Schloss Dagstuhl - Leibniz-Zentrum fuer Informatik},
  year      = {2019},
  url       = {https://doi.org/10.4230/LIPIcs.ICALP.2019.106},
  doi       = {10.4230/LIPIcs.ICALP.2019.106},
  timestamp = {Mon, 08 Jul 2019 16:13:41 +0200},
  biburl    = {https://dblp.org/rec/bib/conf/icalp/BojanczykKL19},
  bibsource = {dblp computer science bibliography, https://dblp.org}
}