
@inproceedings{AlurC10,
  author    = {Rajeev Alur and
               Pavol Cern{\'{y}}},
  title     = {Expressiveness of streaming string transducers},
  booktitle = {{IARCS} Annual Conference on Foundations of Software Technology and
               Theoretical Computer Science, {FSTTCS} 2010, December 15-18, 2010,
               Chennai, India},
  pages     = {1--12},
  year      = {2010},
  url       = {https://doi.org/10.4230/LIPIcs.FSTTCS.2010.1},
  doi       = {10.4230/LIPIcs.FSTTCS.2010.1},
  timestamp = {Thu, 23 Aug 2018 15:56:16 +0200},
  biburl    = {https://dblp.org/rec/bib/conf/fsttcs/AlurC10},
  bibsource = {dblp computer science bibliography, https://dblp.org}
}

@inproceedings{AlurFR14,
  author    = {Rajeev Alur and
               Adam Freilich and
               Mukund Raghothaman},
  editor    = {Thomas A. Henzinger and
               Dale Miller},
  title     = {Regular combinators for string transformations},
  booktitle = {Joint Meeting of the Twenty-Third {EACSL} Annual Conference on Computer
               Science Logic {(CSL)} and the Twenty-Ninth Annual {ACM/IEEE} Symposium
               on Logic in Computer Science (LICS), {CSL-LICS} '14, Vienna, Austria,
               July 14 - 18, 2014},
  pages     = {9:1--9:10},
  publisher = {{ACM}},
  year      = {2014},
  url       = {https://doi.org/10.1145/2603088.2603151},
  doi       = {10.1145/2603088.2603151},
  timestamp = {Tue, 06 Nov 2018 11:07:36 +0100},
  biburl    = {https://dblp.org/rec/bib/conf/csl/AlurFR14},
  bibsource = {dblp computer science bibliography, https://dblp.org}
}

@article{Bojanczyk18,
  author    = {Miko{\l}aj Boja{\'{n}}czyk},
  title     = {Polyregular Functions},
  journal   = {CoRR},
  volume    = {abs/1810.08760},
  year      = {2018},
  url       = {http://arxiv.org/abs/1810.08760},
  archivePrefix = {arXiv},
  eprint    = {1810.08760},
  timestamp = {Wed, 31 Oct 2018 14:24:29 +0100},
  biburl    = {https://dblp.org/rec/bib/journals/corr/abs-1810-08760},
  bibsource = {dblp computer science bibliography, https://dblp.org}
}

@inproceedings{BojanczykDK18,
  author    = {Miko{l}aj Boja{\'{n}}czyk and
               Laure Daviaud and
               Shankara Narayanan Krishna},
  editor    = {Anuj Dawar and
               Erich Gr{\"{a}}del},
  title     = {Regular and First-Order List Functions},
  booktitle = {Proceedings of the 33rd Annual {ACM/IEEE} Symposium on Logic in Computer
               Science, {LICS} 2018, Oxford, UK, July 09-12, 2018},
  pages     = {125--134},
  publisher = {{ACM}},
  year      = {2018},
  url       = {https://doi.org/10.1145/3209108.3209163},
  doi       = {10.1145/3209108.3209163},
  timestamp = {Sat, 19 Oct 2019 20:00:57 +0200},
  biburl    = {https://dblp.org/rec/bib/conf/lics/BojanczykDK18},
  bibsource = {dblp computer science bibliography, https://dblp.org}
}

@inproceedings{BojanczykKL19,
  author    = {Miko{\l}aj Boja{\'{n}}czyk and
               Sandra Kiefer and
               Nathan Lhote},
  editor    = {Christel Baier and
               Ioannis Chatzigiannakis and
               Paola Flocchini and
               Stefano Leonardi},
  title     = {String-to-String Interpretations With Polynomial-Size Output},
  booktitle = {46th International Colloquium on Automata, Languages, and Programming,
               {ICALP} 2019, July 9-12, 2019, Patras, Greece.},
  series    = {LIPIcs},
  volume    = {132},
  pages     = {106:1--106:14},
  publisher = {Schloss Dagstuhl - Leibniz-Zentrum fuer Informatik},
  year      = {2019},
  url       = {https://doi.org/10.4230/LIPIcs.ICALP.2019.106},
  doi       = {10.4230/LIPIcs.ICALP.2019.106},
  timestamp = {Mon, 08 Jul 2019 16:13:41 +0200},
  biburl    = {https://dblp.org/rec/bib/conf/icalp/BojanczykKL19},
  bibsource = {dblp computer science bibliography, https://dblp.org}
}

@article{EngelfrietH01,
  author    = {Joost Engelfriet and
               Hendrik Jan Hoogeboom},
  title     = {{MSO} definable string transductions and two-way finite-state transducers},
  journal   = {{ACM} Trans. Comput. Log.},
  volume    = {2},
  number    = {2},
  pages     = {216--254},
  year      = {2001},
  url       = {https://doi.org/10.1145/371316.371512},
  doi       = {10.1145/371316.371512},
  timestamp = {Mon, 16 Sep 2019 14:52:09 +0200},
  biburl    = {https://dblp.org/rec/bib/journals/tocl/EngelfrietH01},
  bibsource = {dblp computer science bibliography, https://dblp.org}
}


@inproceedings{Filiot15,
  author    = {Emmanuel Filiot},
  editor    = {Mohua Banerjee and
               Shankara Narayanan Krishna},
  title     = {Logic-Automata Connections for Transformations},
  booktitle = {Logic and Its Applications - 6th Indian Conference, {ICLA} 2015, Mumbai,
               India, January 8-10, 2015. Proceedings},
  series    = {Lecture Notes in Computer Science},
  volume    = {8923},
  pages     = {30--57},
  publisher = {Springer},
  year      = {2015},
  url       = {https://doi.org/10.1007/978-3-662-45824-2\_3},
  doi       = {10.1007/978-3-662-45824-2\_3},
  timestamp = {Tue, 14 May 2019 10:00:37 +0200},
  biburl    = {https://dblp.org/rec/bib/conf/icla/Filiot15},
  bibsource = {dblp computer science bibliography, https://dblp.org}
}

@article{GlobermanH96,
  author    = {Noa Globerman and
               David Harel},
  title     = {Complexity Results for Two-Way and Multi-Pebble Automata and their
               Logics},
  journal   = {Theor. Comput. Sci.},
  volume    = {169},
  number    = {2},
  pages     = {161--184},
  year      = {1996},
  url       = {https://doi.org/10.1016/S0304-3975(96)00119-3},
  doi       = {10.1016/S0304-3975(96)00119-3},
  timestamp = {Sun, 28 May 2017 13:20:00 +0200},
  biburl    = {https://dblp.org/rec/bib/journals/tcs/GlobermanH96},
  bibsource = {dblp computer science bibliography, https://dblp.org}
}

@article{MiloSV03,
  author    = {Tova Milo and
               Dan Suciu and
               Victor Vianu},
  title     = {Typechecking for {XML} transformers},
  journal   = {J. Comput. Syst. Sci.},
  volume    = {66},
  number    = {1},
  pages     = {66--97},
  year      = {2003},
  url       = {https://doi.org/10.1016/S0022-0000(02)00030-2},
  doi       = {10.1016/S0022-0000(02)00030-2},
  timestamp = {Sat, 20 May 2017 00:25:56 +0200},
  biburl    = {https://dblp.org/rec/bib/journals/jcss/MiloSV03},
  bibsource = {dblp computer science bibliography, https://dblp.org}
}